<?xml version="1.0" encoding="UTF-8"?><collection xmlns="http://www.loc.gov/MARC21/slim"><record><leader>00524nam--2200169-i-4500</leader><controlfield tag="001">000023012</controlfield><controlfield tag="002">20161230</controlfield><controlfield tag="005">20161230201034</controlfield><controlfield tag="008">060222s1000------------r-----000-0-eng-d</controlfield><datafield ind1=" " ind2=" " tag="040"><subfield code="a">IFIN-HH</subfield></datafield><datafield ind1=" " ind2=" " tag="080"><subfield code="a">533.951:537.222.22:621.315.59</subfield></datafield><datafield ind1="1" ind2=" " tag="100"><subfield code="a">Hartingael, Hans</subfield></datafield><datafield ind1="1" ind2="0" tag="245"><subfield code="a">Semiconductor plasma instabilities including gunn-effect and avalanche oscillations</subfield><subfield code="c">Hans hartingael</subfield></datafield><datafield ind1=" " ind2=" " tag="260"><subfield code="a">London, Heinemann Educational Book Ltd.,1969</subfield></datafield><datafield ind1=" " ind2=" " tag="300"><subfield code="a">XIX + 206P</subfield></datafield><datafield ind1=" " ind2=" " tag="852"><subfield code="a">33671</subfield><subfield code="c">533.9</subfield></datafield><datafield ind1=" " ind2=" " tag="CAT"><subfield code="a">Sys</subfield><subfield code="c">20100923</subfield><subfield code="h">132018</subfield></datafield></record></collection>